@misc{seguranca-publica,
    author = "Ministério da Justiça",
    title = "Segurança Pública, Conceitos Básicos",
    url = "http://www.justica.gov.br/sua-seguranca/seguranca-publica/orgaos-de-seguranca-1/conceitos-basicos"
}
@book{machine-learning,
 author = {Gron, Aurlien},
 title = {Hands-On Machine Learning with Scikit-Learn and TensorFlow: Concepts, Tools, and Techniques to Build Intelligent Systems},
 year = {2017},
 isbn = {1491962291, 9781491962299},
 edition = {1st},
 publisher = {O'Reilly Media, Inc.},
} 
@article{iot-definition,
  title={Towards a definition of the Internet of Things (IoT)},
  author={IEEE Internet Initiative and others},
  journal={Revision-1, on-line: http://iot.ieee.org/images/files/pdf/IEEE\_IoT\_Towards\_Definition\_Internet\_of\_Things\_ Revision1\_27MAY15. pdf. Accessed},
  volume={27},
  number={2017},
  pages={479--501},
  year={2015}
}

@article{ambev,
  title={Retrato da Seguran{\c{c}}a Vi{\'a}ria no Brasil--2017},
  author={AMBEV, SA},
  journal={Bras{\'\i}lia: Grupo}
}